@Manual{R2020,
  title = {{R: A Language and Environment for Statistical Computing}},
  author = {{R Core Team}},
  organization = {R Foundation for Statistical Computing},
  address = {Vienna, Austria},
  year = {2020},
  url = {https://www.R-project.org/},
}
@Manual{Bache2014,
  title = {{magrittr: A Forward-Pipe Operator for R}},
  author = {Stefan Milton Bache and Hadley Wickham},
  year = {2014},
  note = {R package version 1.5},
  url = {https://CRAN.R-project.org/package=magrittr},
}
@Article{Benoit2018,
  title = {{quanteda: An R package for the quantitative analysis of textual data}},
  author = {Kenneth Benoit and Kohei Watanabe and Haiyan Wang and Paul Nulty and Adam Obeng and Stefan Müller and Akitaka Matsuo},
  journal = {Journal of Open Source Software},
  url = {https://quanteda.io},
  volume = {3},
  number = {30},
  pages = {774},
  year = {2018},
  doi = {10.21105/joss.00774}
}
@Manual{Blair2021,
  title = {estimatr: Fast Estimators for Design-Based Inference},
  author = {Graeme Blair and Jasper Cooper and Alexander Coppock and Macartan Humphreys and Luke Sonnet},
  year = {2021},
  note = {https://declaredesign.org/r/estimatr/, https://github.com/DeclareDesign/estimatr},
}
@Manual{Gagolewski2018,
  title = {{R package stringi: Character string processing facilities}},
  author = {Marek Gagolewski},
  year = {2018},
  url = {http://www.gagolewski.com/software/stringi/},
}
@Book{Genz2009,
  title = {{Computation of Multivariate Normal and t Probabilities}},
  author = {Alan Genz and Frank Bretz},
  series = {Lecture Notes in Statistics},
  year = {2009},
  publisher = {Springer-Verlag},
  address = {Heidelberg},
  isbn = {978-3-642-01688-2},
}
@Article{Grolemund2011,
  title = {{Dates and Times Made Easy with {lubridate}}},
  author = {Garrett Grolemund and Hadley Wickham},
  journal = {Journal of Statistical Software},
  year = {2011},
  volume = {40},
  number = {3},
  pages = {1--25},
  url = {http://www.jstatsoft.org/v40/i03/},
}
@Manual{Hlavac2018,
  title = {{stargazer: Well-Formatted Regression and Summary Statistics Tables}},
  author = {Marek Hlavac},
  year = {2018},
  note = {R package version 5.2.2},
  organization = {Central European Labour Studies Institute (CELSI)},
  address = {Bratislava, Slovakia},
  url = {https://CRAN.R-project.org/package=stargazer},
}
@Manual{Muller2018,
  title = {{tibble: Simple Data Frames}},
  author = {Kirill Müller and Hadley Wickham},
  year = {2018},
  note = {R package version 1.4.2},
  url = {https://CRAN.R-project.org/package=tibble},
}
@Book{VanRossum2009,
 author = {Van Rossum, Guido and Drake, Fred L.},
 title = {Python 3 Reference Manual},
 year = {2009},
 isbn = {1441412697},
 publisher = {CreateSpace},
 address = {Scotts Valley, CA}
} 
@Book{Venables2002,
  title = {{Modern Applied Statistics with S}},
  author = {W. N. Venables and B. D. Ripley},
  publisher = {Springer},
  edition = {Fourth},
  address = {New York},
  year = {2002},
  note = {ISBN 0-387-95457-0},
  url = {http://www.stats.ox.ac.uk/pub/MASS4/},
}
@Book{Wickham2016,
  author = {Hadley Wickham},
  title = {{ggplot2: Elegant Graphics for Data Analysis}},
  publisher = {Springer-Verlag New York},
  year = {2016},
  isbn = {978-3-319-24277-4},
  url = {http://ggplot2.org},
}
@Manual{Wickham2018,
  title = {{readr: Read Rectangular Text Data}},
  author = {Hadley Wickham and Jim Hester and Romain Francois},
  year = {2018},
  note = {R package version 1.3.1},
  url = {https://CRAN.R-project.org/package=readr},
}
@Manual{Wickham2019,
  title = {{stringr: Simple, Consistent Wrappers for Common String Operations}},
  author = {Hadley Wickham},
  year = {2019},
  note = {R package version 1.4.0},
  url = {https://CRAN.R-project.org/package=stringr},
}
@Manual{Wickham2020a,
  title = {{dplyr: A Grammar of Data Manipulation}},
  author = {Hadley Wickham and Romain François and Lionel Henry and Kirill Müller},
  year = {2020},
  note = {R package version 1.0.2},
  url = {https://CRAN.R-project.org/package=dplyr},
}
@Manual{Wickham2020b,
  title = {{tidyr: Tidy Messy Data}},
  author = {Hadley Wickham},
  year = {2020},
  note = {R package version 1.1.2},
  url = {https://CRAN.R-project.org/package=tidyr},
}
@Manual{Wickham2020c,
  title = {{haven: Import and Export 'SPSS', 'Stata' and 'SAS' Files}},
  author = {Hadley Wickham and Evan Miller},
  year = {2020},
  note = {R package version 2.3.1},
  url = {https://CRAN.R-project.org/package=haven},
}
@Manual{Wilke2020,
  title = {{cowplot: Streamlined Plot Theme and Plot Annotations for 'ggplot2'}},
  author = {Claus O. Wilke},
  year = {2020},
  note = {R package version 1.1.0},
  url = {https://CRAN.R-project.org/package=cowplot},
}
@Manual{Xie2020,
  title = {{knitr: A General-Purpose Package for Dynamic Report Generation in R}},
  author = {Yihui Xie},
  year = {2020},
  note = {R package version 1.29},
  url = {https://yihui.org/knitr/}
}
@Article{Zeileis2002,
    title = {Diagnostic Checking in Regression Relationships},
    author = {Achim Zeileis and Torsten Hothorn},
    journal = {R News},
    year = {2002},
    volume = {2},
    number = {3},
    pages = {7--10},
    url = {https://CRAN.R-project.org/doc/Rnews/},
}
@Manual{Zhu2020,
  title = {{kableExtra: Construct Complex Table with 'kable' and Pipe Syntax}},
  author = {Hao Zhu},
  year = {2020},
  note = {R package version 1.2.1},
  url = {https://CRAN.R-project.org/package=kableExtra},
}